@article{Ale2018,
  title = {Loneliness in People with Intellectual and Developmental Disorders across the Lifespan: {{A}} Systematic Review of Prevalence and Interventions},
  shorttitle = {Loneliness in People with Intellectual and Developmental Disorders across the Lifespan},
  author = {Alexandra, Petroutsou and Angela, Hassiotis and Ali, Afia},
  year = {2018},
  journal = {Journal of Applied Research in Intellectual Disabilities},
  volume = {31},
  number = {5},
  pages = {643--658},
  issn = {1468-3148},
  doi = {10.1111/jar.12432},
  urldate = {2023-03-28},
  langid = {english}
}

@book{Ame2013,
  title = {Diagnostic and {{Statistical Manual}} of {{Mental Disorders}}},
  author = {{American Psychiatric Association}},
  year = {2013},
  edition = {Fifth},
  publisher = {{American Psychiatric Publishing}},
  isbn = {978-0-89042-555-8}
}

@inproceedings{And2022,
  title = {Socially {{Connecting Adults}} with {{Intellectual Disabilities Through Inclusive Co-Design}} of {{Tangible}} and {{Visual Technology}}},
  booktitle = {Proceedings of the 24th {{International ACM SIGACCESS Conference}} on {{Computers}} and {{Accessibility}}},
  author = {Andradi, Manesha},
  year = {2022},
  month = oct,
  series = {{{ASSETS}} '22},
  pages = {1--5},
  publisher = {{Association for Computing Machinery}},
  address = {{New York, NY, USA}},
  doi = {10.1145/3517428.3550416},
  urldate = {2022-11-16},
  isbn = {978-1-4503-9258-7}
}

@article{Ano2023,
  title = {"{{Piece}} It Together": {{Insights}} from One Year of Engagement with Electronics and Programming for People with Intellectual Disabilities.},
  author = {Anonymous Author(s)},
  year = {2023},
  journal = {CHI Conference on Human Factors in Computing Systems (CHI '23), April 23\textendash 28, 2023, Hamburg, Germany. ACM, New York, NY, USA},
  pages = {25},
  annotation = {NOT PUBLISHED DO NOT CITE OR DISTRIBUTE}
}

@inproceedings{Ant2013,
  title = {Analyzing User-Generated Youtube Videos to Understand Touchscreen Use by People with Motor Impairments},
  booktitle = {Proceedings of the {{SIGCHI Conference}} on {{Human Factors}} in {{Computing Systems}}},
  author = {Anthony, Lisa and Kim, YooJin and Findlater, Leah},
  year = {2013},
  month = apr,
  series = {{{CHI}} '13},
  pages = {1223--1232},
  publisher = {{Association for Computing Machinery}},
  address = {{New York, NY, USA}},
  doi = {10.1145/2470654.2466158},
  urldate = {2022-11-03},
  isbn = {978-1-4503-1899-0}
}

@inproceedings{Bar2014,
  title = {"now That's Definitely a Proper Hack": Self-Made Tools in Hackerspaces},
  shorttitle = {"now That's Definitely a Proper Hack"},
  booktitle = {Proceedings of the {{SIGCHI Conference}} on {{Human Factors}} in {{Computing Systems}}},
  author = {Bardzell, Jeffrey and Bardzell, Shaowen and Toombs, Austin},
  year = {2014},
  month = apr,
  series = {{{CHI}} '14},
  pages = {473--476},
  publisher = {{Association for Computing Machinery}},
  address = {{New York, NY, USA}},
  doi = {10.1145/2556288.2557221},
  urldate = {2023-01-07},
  isbn = {978-1-4503-2473-1}
}

@article{Boc2022,
  title = {Assistive {{Technology Makerspaces Promote Capability}} of {{Adults}} with {{Intellectual}} and {{Developmental Disabilities}}},
  author = {Boccardi, Alyssa and Szucs, Kimberly A. and Ebuenyi, Ikenna D. and Mhatre, Anand},
  year = {2022},
  month = dec,
  journal = {Societies},
  volume = {12},
  number = {6},
  pages = {155},
  publisher = {{Multidisciplinary Digital Publishing Institute}},
  issn = {2075-4698},
  doi = {10.3390/soc12060155},
  urldate = {2022-11-16},
  copyright = {http://creativecommons.org/licenses/by/3.0/},
  langid = {english}
}

@article{Bos2020,
  title = {Peer Production by Persons with Disabilities \textendash{} Opening {{3D-printing}} Aids to Everybody in an Inclusive {{MakerSpace}}},
  author = {Bosse, Ingo Karl and Pelka, Bastian},
  year = {2020},
  month = jan,
  journal = {Journal of Enabling Technologies},
  volume = {14},
  number = {1},
  pages = {41--53},
  publisher = {{Emerald Publishing Limited}},
  issn = {2398-6263},
  doi = {10.1108/JET-07-2019-0037},
  urldate = {2022-11-16}
}

@article{Bra2014,
  title = {{{MakeAbility}}: {{Creating Accessible Makerspace Events}} in a {{Public Library}}},
  shorttitle = {{{MakeAbility}}},
  author = {Brady, Tara and Salas, Camille and Nuriddin, Ayah and Rodgers, Walter and Subramaniam, Mega},
  year = {2014},
  month = oct,
  journal = {Public Library Quarterly},
  volume = {33},
  number = {4},
  pages = {330--347},
  publisher = {{Routledge}},
  issn = {0161-6846},
  doi = {10.1080/01616846.2014.970425},
  urldate = {2022-11-16}
}

@inproceedings{Bue2010,
  title = {{{LilyPad}} in the Wild: How Hardware's Long Tail Is Supporting New Engineering and Design Communities},
  shorttitle = {{{LilyPad}} in the Wild},
  booktitle = {Proceedings of the 8th {{ACM Conference}} on {{Designing Interactive Systems}}},
  author = {Buechley, Leah and Hill, Benjamin Mako},
  year = {2010},
  month = aug,
  series = {{{DIS}} '10},
  pages = {199--207},
  publisher = {{Association for Computing Machinery}},
  address = {{New York, NY, USA}},
  doi = {10.1145/1858171.1858206},
  urldate = {2023-03-29},
  isbn = {978-1-4503-0103-9}
}

@inproceedings{Bue2014,
  title = {Coming to Grips: {{3D}} Printing for Accessibility},
  shorttitle = {Coming to Grips},
  booktitle = {Proceedings of the 16th International {{ACM SIGACCESS}} Conference on {{Computers}} \& Accessibility},
  author = {Buehler, Erin and Hurst, Amy and Hofmann, Megan},
  year = {2014},
  month = oct,
  series = {{{ASSETS}} '14},
  pages = {291--292},
  publisher = {{Association for Computing Machinery}},
  address = {{New York, NY, USA}},
  doi = {10.1145/2661334.2661345},
  urldate = {2022-11-03},
  isbn = {978-1-4503-2720-6}
}

@inproceedings{Bue2015,
  title = {Sharing Is {{Caring}}: {{Assistive Technology Designs}} on {{Thingiverse}}},
  shorttitle = {Sharing Is {{Caring}}},
  booktitle = {Proceedings of the 33rd {{Annual ACM Conference}} on {{Human Factors}} in {{Computing Systems}}},
  author = {Buehler, Erin and Branham, Stacy and Ali, Abdullah and Chang, Jeremy J. and Hofmann, Megan Kelly and Hurst, Amy and Kane, Shaun K.},
  year = {2015},
  month = apr,
  series = {{{CHI}} '15},
  pages = {525--534},
  publisher = {{Association for Computing Machinery}},
  address = {{New York, NY, USA}},
  doi = {10.1145/2702123.2702525},
  urldate = {2022-12-06},
  isbn = {978-1-4503-3145-6}
}

@article{Bue2016,
  title = {Investigating the {{Implications}} of {{3D Printing}} in {{Special Education}}},
  author = {Buehler, Erin and Comrie, Niara and Hofmann, Megan and McDonald, Samantha and Hurst, Amy},
  year = {2016},
  month = mar,
  journal = {ACM Trans. Access. Comput.},
  volume = {8},
  number = {3},
  pages = {11:1--11:28},
  issn = {1936-7228},
  doi = {10.1145/2870640},
  urldate = {2022-11-03}
}

@misc{Cen1997,
  title = {Center for {{Universal Design}}},
  author = {{Center for Universal Design}},
  year = {1997},
  month = apr,
  journal = {College of Design},
  urldate = {2023-03-29},
  howpublished = {https://design.ncsu.edu/research/center-for-universal-design/},
  langid = {american}
}

@article{Cha2013,
  title = {Internet {{Access}} by {{People}} with {{Intellectual Disabilities}}: {{Inequalities}} and {{Opportunities}}},
  shorttitle = {Internet {{Access}} by {{People}} with {{Intellectual Disabilities}}},
  author = {Chadwick, Darren and Wesson, Caroline and Fullwood, Chris},
  year = {2013},
  month = sep,
  journal = {Future Internet},
  volume = {5},
  number = {3},
  pages = {376--397},
  publisher = {{Multidisciplinary Digital Publishing Institute}},
  issn = {1999-5903},
  doi = {10.3390/fi5030376},
  urldate = {2023-01-07},
  copyright = {http://creativecommons.org/licenses/by/3.0/},
  langid = {english}
}

@inproceedings{Dal2013,
  title = {Neurodiversity \& {{HCI}}},
  booktitle = {{{CHI}} '13 {{Extended Abstracts}} on {{Human Factors}} in {{Computing Systems}}},
  author = {Dalton, Nicholas Sheep},
  year = {2013},
  month = apr,
  series = {{{CHI EA}} '13},
  pages = {2295--2304},
  publisher = {{Association for Computing Machinery}},
  address = {{New York, NY, USA}},
  doi = {10.1145/2468356.2468752},
  urldate = {2023-01-04},
  isbn = {978-1-4503-1952-2}
}

@misc{Dep2022,
  title = {The Employment of Disabled People 2021},
  author = {{Department for Work \& Pension}},
  year = {2022},
  month = feb,
  journal = {GOV.UK},
  urldate = {2023-04-03},
  howpublished = {https://www.gov.uk/government/statistics/the-employment-of-disabled-people-2021/the-employment-of-disabled-people-2021},
  langid = {english}
}

@misc{Dja2023,
  title = {Django},
  author = {{Django Software Foundation.}},
  year = {2023},
  journal = {Django},
  urldate = {2023-04-02},
  howpublished = {https://www.djangoproject.com/},
  langid = {english}
}

@inproceedings{Ell2021,
  title = {{{TapeBlocks}}: {{A Making Toolkit}} for {{People Living}} with {{Intellectual Disabilities}}},
  shorttitle = {{{TapeBlocks}}},
  booktitle = {Proceedings of the 2021 {{CHI Conference}} on {{Human Factors}} in {{Computing Systems}}},
  author = {Ellis, Kirsten and Dao, Emily and Smith, Osian and Lindsay, Stephen and Olivier, Patrick},
  year = {2021},
  month = may,
  series = {{{CHI}} '21},
  pages = {1--12},
  publisher = {{Association for Computing Machinery}},
  address = {{New York, NY, USA}},
  doi = {10.1145/3411764.3445647},
  urldate = {2022-11-03},
  isbn = {978-1-4503-8096-6}
}

@article{Hel2022,
  title = {How Digital Fabrication Technologies within Digitalized Innovation Environments Lead to Participative Aid Development},
  author = {Hellwig, Lukas and Preissner, Lisa and Pawlowski, Jan and Deiters, Wolfgang},
  year = {2022},
  month = jan,
  journal = {Journal of Enabling Technologies},
  volume = {16},
  number = {3},
  pages = {219--230},
  publisher = {{Emerald Publishing Limited}},
  issn = {2398-6263},
  doi = {10.1108/JET-01-2022-0013},
  urldate = {2022-11-16}
}

@article{Hol2014,
  title = {Interactive Sensory Objects for and by People with Learning Disabilities},
  author = {Hollinworth, Nic and Allen, Kate and Kwiatkowska, Gosia and Minnion, Andy and Hwang, Faustina},
  year = {2014},
  month = jun,
  journal = {SIGACCESS Access. Comput.},
  number = {109},
  pages = {11--20},
  issn = {1558-2337},
  doi = {10.1145/2637487.2637489},
  urldate = {2023-01-06}
}

@inproceedings{Hol2014a,
  title = {Making Electronics More Accessible to People with Learning Disabilities},
  booktitle = {{{CHI}} '14 {{Extended Abstracts}} on {{Human Factors}} in {{Computing Systems}}},
  author = {Hollinworth, Nic and Hwang, Faustina and Allen, Kate and Kwiatkowska, Gosia Malgosia and Minnion, Andy},
  year = {2014},
  month = apr,
  series = {{{CHI EA}} '14},
  pages = {1255--1260},
  publisher = {{Association for Computing Machinery}},
  address = {{New York, NY, USA}},
  doi = {10.1145/2559206.2581175},
  urldate = {2022-11-03},
  isbn = {978-1-4503-2474-8}
}

@inproceedings{Hoo2014,
  title = {A Study of the Challenges Related to {{DIY}} Assistive Technology in the Context of Children with Disabilities},
  booktitle = {Proceedings of the 2014 Conference on {{Designing}} Interactive Systems},
  author = {Hook, Jonathan and Verbaan, Sanne and Durrant, Abigail and Olivier, Patrick and Wright, Peter},
  year = {2014},
  month = jun,
  series = {{{DIS}} '14},
  pages = {597--606},
  publisher = {{Association for Computing Machinery}},
  address = {{New York, NY, USA}},
  doi = {10.1145/2598510.2598530},
  urldate = {2022-11-03},
  isbn = {978-1-4503-2902-6}
}

@inproceedings{Hur2011,
  title = {Empowering Individuals with Do-It-Yourself Assistive Technology},
  booktitle = {The Proceedings of the 13th International {{ACM SIGACCESS}} Conference on {{Computers}} and Accessibility},
  author = {Hurst, Amy and Tobias, Jasmine},
  year = {2011},
  month = oct,
  series = {{{ASSETS}} '11},
  pages = {11--18},
  publisher = {{Association for Computing Machinery}},
  address = {{New York, NY, USA}},
  doi = {10.1145/2049536.2049541},
  urldate = {2022-11-03},
  isbn = {978-1-4503-0920-2}
}

@inproceedings{Hur2013,
  title = {Making "Making" Accessible},
  booktitle = {Proceedings of the 12th {{International Conference}} on {{Interaction Design}} and {{Children}}},
  author = {Hurst, Amy and Kane, Shaun},
  year = {2013},
  month = jun,
  series = {{{IDC}} '13},
  pages = {635--638},
  publisher = {{Association for Computing Machinery}},
  address = {{New York, NY, USA}},
  doi = {10.1145/2485760.2485883},
  urldate = {2023-01-05},
  isbn = {978-1-4503-1918-8}
}

@techreport{Joh2019,
  title = {Disability {{Price Tag Policy Report}}},
  author = {John, Evan and Thomas, Greg and Touchet, Anel},
  year = {2019},
  pages = {1--28},
  institution = {{Scope}},
  urldate = {2023-03-20}
}

@inproceedings{Kuz2010,
  title = {Rise of the Expert Amateur: {{DIY}} Projects, Communities, and Cultures},
  shorttitle = {Rise of the Expert Amateur},
  booktitle = {Proceedings of the 6th {{Nordic Conference}} on {{Human-Computer Interaction}}: {{Extending Boundaries}}},
  author = {Kuznetsov, Stacey and Paulos, Eric},
  year = {2010},
  month = oct,
  series = {{{NordiCHI}} '10},
  pages = {295--304},
  publisher = {{Association for Computing Machinery}},
  address = {{New York, NY, USA}},
  doi = {10.1145/1868914.1868950},
  urldate = {2023-03-16},
  isbn = {978-1-60558-934-3}
}

@inproceedings{Lad2014,
  title = {Design for User Empowerment},
  booktitle = {{{CHI}} '14 {{Extended Abstracts}} on {{Human Factors}} in {{Computing Systems}}},
  author = {Ladner, Richard},
  year = {2014},
  month = apr,
  series = {{{CHI EA}} '14},
  pages = {5--6},
  publisher = {{Association for Computing Machinery}},
  address = {{New York, NY, USA}},
  doi = {10.1145/2559206.2580090},
  urldate = {2023-01-05},
  isbn = {978-1-4503-2474-8}
}

@inproceedings{Led2013,
  title = {Evaluating Accessibility in Fabrication Tools for Children},
  booktitle = {Proceedings of the 12th {{International Conference}} on {{Interaction Design}} and {{Children}}},
  author = {{Leduc-Mills}, Ben and Dec, Jaymes and Schimmel, John},
  year = {2013},
  month = jun,
  series = {{{IDC}} '13},
  pages = {617--620},
  publisher = {{Association for Computing Machinery}},
  address = {{New York, NY, USA}},
  doi = {10.1145/2485760.2485882},
  urldate = {2022-11-03},
  isbn = {978-1-4503-1918-8}
}

@inproceedings{Lef2016,
  title = {Loaded {{Dice}}: {{Exploring}} the {{Design Space}} of {{Connected Devices}} with {{Blind}} and {{Visually Impaired People}}},
  shorttitle = {Loaded {{Dice}}},
  booktitle = {Proceedings of the 9th {{Nordic Conference}} on {{Human-Computer Interaction}}},
  author = {Lefeuvre, Kevin and Totzauer, S{\"o}ren and Bischof, Andreas and Kurze, Albrecht and Storz, Michael and Ullmann, Lisa and Berger, Arne},
  year = {2016},
  month = oct,
  series = {{{NordiCHI}} '16},
  pages = {1--10},
  publisher = {{Association for Computing Machinery}},
  address = {{New York, NY, USA}},
  doi = {10.1145/2971485.2971524},
  urldate = {2022-11-03},
  isbn = {978-1-4503-4763-1}
}

@inproceedings{Lin2014,
  title = {Emerging Sites of {{HCI}} Innovation: Hackerspaces, Hardware Startups \& Incubators},
  shorttitle = {Emerging Sites of {{HCI}} Innovation},
  booktitle = {Proceedings of the {{SIGCHI Conference}} on {{Human Factors}} in {{Computing Systems}}},
  author = {Lindtner, Silvia and Hertz, Garnet D. and Dourish, Paul},
  year = {2014},
  month = apr,
  series = {{{CHI}} '14},
  pages = {439--448},
  publisher = {{Association for Computing Machinery}},
  address = {{New York, NY, USA}},
  doi = {10.1145/2556288.2557132},
  urldate = {2022-12-06},
  isbn = {978-1-4503-2473-1}
}

@misc{Llo2022,
  title = {{{UK Consumer Digital Index}} 2022},
  author = {{Lloyds Bank}},
  year = {2022},
  urldate = {2023-04-07},
  howpublished = {https://www.lloydsbank.com/banking-with-us/whats-happening/consumer-digital-index.html},
  langid = {english}
}

@techreport{Mak2013,
  title = {An In-Depth Profile of Makers at the Forefront of Hardware Innovation.},
  author = {{Maker Media, Inc.}},
  year = {2013},
  pages = {1--35},
  institution = {{Make Community LLC}},
  urldate = {2023-04-03}
}

@misc{Mak2023,
  title = {Thingiverse - {{Digital Designs}} for {{Physical Objects}}},
  author = {{MakerBot Industries, LLC}},
  year = {2023},
  urldate = {2023-02-09},
  howpublished = {https://www.thingiverse.com/},
  langid = {english}
}

@misc{Mak2023a,
  title = {Make: {{Projects}}},
  author = {{Make Community LLC} and {engineering.com}},
  year = {2023},
  urldate = {2023-02-09},
  howpublished = {https://makeprojects.com/home}
}

@article{Mar2015,
  title = {The {{Promise}} of the {{Maker Movement}} for {{Education}}},
  author = {Martin, Lee},
  year = {2015},
  month = apr,
  journal = {Journal of Pre-College Engineering Education Research (J-PEER)},
  volume = {5},
  number = {1},
  issn = {2157-9288},
  doi = {10.7771/2157-9288.1099}
}

@article{Mec2007,
  title = {Assistive {{Technology}} as a {{Self-Management Tool}} for {{Prompting Students}} with {{Intellectual Disabilities}} to {{Initiate}} and {{Complete Daily Tasks}}: {{A Literature Review}}},
  shorttitle = {Assistive {{Technology}} as a {{Self-Management Tool}} for {{Prompting Students}} with {{Intellectual Disabilities}} to {{Initiate}} and {{Complete Daily Tasks}}},
  author = {Mechling, Linda C.},
  year = {2007},
  journal = {Education and Training in Developmental Disabilities},
  volume = {42},
  number = {3},
  eprint = {23879621},
  eprinttype = {jstor},
  pages = {252--269},
  publisher = {{Division on Autism and Developmental Disabilities}},
  issn = {1547-0350},
  urldate = {2023-01-15}
}

@inproceedings{Mei2017,
  title = {Do-{{It-Yourself Empowerment}} as {{Experienced}} by {{Novice Makers}} with {{Disabilities}}},
  booktitle = {Proceedings of the 2017 {{Conference}} on {{Designing Interactive Systems}}},
  author = {Meissner, Janis Lena and Vines, John and McLaughlin, Janice and Nappey, Thomas and Maksimova, Jekaterina and Wright, Peter},
  year = {2017},
  month = jun,
  series = {{{DIS}} '17},
  pages = {1053--1065},
  publisher = {{Association for Computing Machinery}},
  address = {{New York, NY, USA}},
  doi = {10.1145/3064663.3064674},
  urldate = {2022-12-11},
  isbn = {978-1-4503-4922-2}
}

@inproceedings{Mot2019,
  title = {Designing Emerging Technologies for and with Neurodiverse Users},
  booktitle = {Proceedings of the 37th {{ACM International Conference}} on the {{Design}} of {{Communication}}},
  author = {Motti, Vivian Genaro},
  year = {2019},
  month = oct,
  series = {{{SIGDOC}} '19},
  pages = {1--10},
  publisher = {{Association for Computing Machinery}},
  address = {{New York, NY, USA}},
  doi = {10.1145/3328020.3353946},
  urldate = {2022-10-12},
  isbn = {978-1-4503-6790-5}
}

@incollection{Off2022,
  title = {Disability Pay Gaps in the {{UK}} 2021},
  author = {{Office for National Statistics}},
  year = {2022},
  month = apr,
  journal = {Office for National Statistics},
  urldate = {2023-03-20},
  note = {\href{https://www.ons.gov.uk/peoplepopulationandcommunity/healthandsocialcare/disability/articles/disabilitypaygapsintheuk/2021}{www.ons.gov.uk/peoplepopulationandcommunity/healthandsocialcare/disability/articles/disability paygapsintheuk/2021}}
} 

@inproceedings{OK2016,
  title = {Advances in {{DIY Health}} and {{Wellbeing}}},
  booktitle = {Proceedings of the 2016 {{CHI Conference Extended Abstracts}} on {{Human Factors}} in {{Computing Systems}}},
  author = {O'Kane, Aisling Ann and Hurst, Amy and Niezen, Gerrit and Marquardt, Nicolai and Bird, Jon and Abowd, Gregory},
  year = {2016},
  month = may,
  series = {{{CHI EA}} '16},
  pages = {3453--3460},
  publisher = {{Association for Computing Machinery}},
  address = {{New York, NY, USA}},
  doi = {10.1145/2851581.2856467},
  urldate = {2022-11-03},
  isbn = {978-1-4503-4082-3}
}

@inproceedings{Oli1990,
  title = {The {{Individual}} and {{Social Models}} of {{Disability}}},
  booktitle = {{{PEOPLE WITH ESTABLISHED LOCOMOTOR DISABILITIES IN HOSPITALS}}},
  author = {Oliver, Mike},
  year = {1990},
  month = jul,
  pages = {1--7}
}

@article{Per2015,
  title = {Universal Design, Inclusive Design, Accessible Design, Design for All: Different Concepts\textemdash One Goal? {{On}} the Concept of Accessibility\textemdash Historical, Methodological and Philosophical Aspects},
  shorttitle = {Universal Design, Inclusive Design, Accessible Design, Design for All},
  author = {Persson, Hans and {\AA}hman, Henrik and Yngling, Alexander Arvei and Gulliksen, Jan},
  year = {2015},
  month = nov,
  journal = {Univ Access Inf Soc},
  volume = {14},
  number = {4},
  pages = {505--526},
  issn = {1615-5297},
  doi = {10.1007/s10209-014-0358-z},
  urldate = {2023-01-06},
  langid = {english}
}

@article{Phi1993,
  title = {Predictors of {{Assistive Technology Abandonment}}},
  author = {Phillips, Betsy and Zhao, Hongxin},
  year = {1993},
  month = jun,
  journal = {Assistive Technology},
  volume = {5},
  number = {1},
  pages = {36--45},
  publisher = {{Taylor \& Francis}},
  issn = {1040-0435},
  doi = {10.1080/10400435.1993.10132205},
  urldate = {2023-04-03},
  pmid = {10171664}
}

@inproceedings{Qi2018,
  title = {Chibitronics in the {{Wild}}: {{Engaging New Communities}} in {{Creating Technology}} with {{Paper Electronics}}},
  shorttitle = {Chibitronics in the {{Wild}}},
  booktitle = {Proceedings of the 2018 {{CHI Conference}} on {{Human Factors}} in {{Computing Systems}}},
  author = {Qi, Jie and Buechley, Leah and Huang, Andrew "bunnie" and Ng, Patricia and Cross, Sean and Paradiso, Joseph A.},
  year = {2018},
  month = apr,
  series = {{{CHI}} '18},
  pages = {1--11},
  publisher = {{Association for Computing Machinery}},
  address = {{New York, NY, USA}},
  doi = {10.1145/3173574.3173826},
  urldate = {2022-11-03},
  isbn = {978-1-4503-5620-6}
}

@inproceedings{Raj2014,
  title = {Designing with People with Disabilities: Adapting Best Practices of {{DIY}} and Organizational Approaches},
  shorttitle = {Designing with People with Disabilities},
  booktitle = {Proceedings of the 26th {{Australian Computer-Human Interaction Conference}} on {{Designing Futures}}: The {{Future}} of {{Design}}},
  author = {Rajapakse, Ravihansa and Brereton, Margot and Roe, Paul and Sitbon, Laurianne},
  year = {2014},
  month = dec,
  series = {{{OzCHI}} '14},
  pages = {519--522},
  publisher = {{Association for Computing Machinery}},
  address = {{New York, NY, USA}},
  doi = {10.1145/2686612.2686694},
  urldate = {2022-11-03},
  isbn = {978-1-4503-0653-9}
}

@inproceedings{Raj2015,
  title = {A {{Collaborative Approach}} to {{Design Individualized Technologies}} with {{People}} with a {{Disability}}},
  booktitle = {Proceedings of the {{Annual Meeting}} of the {{Australian Special Interest Group}} for {{Computer Human Interaction}}},
  author = {Rajapakse, Ravihansa and Brereton, Margot and Sitbon, Laurianne and Roe, Paul},
  year = {2015},
  month = dec,
  series = {{{OzCHI}} '15},
  pages = {29--33},
  publisher = {{Association for Computing Machinery}},
  address = {{New York, NY, USA}},
  doi = {10.1145/2838739.2838824},
  urldate = {2022-11-03},
  isbn = {978-1-4503-3673-4}
}

@inproceedings{Rog2014,
  title = {Never Too Old: Engaging Retired People Inventing the Future with {{MaKey MaKey}}},
  shorttitle = {Never Too Old},
  booktitle = {Proceedings of the {{SIGCHI Conference}} on {{Human Factors}} in {{Computing Systems}}},
  author = {Rogers, Yvonne and Paay, Jeni and Brereton, Margot and Vaisutis, Kate L. and Marsden, Gary and Vetere, Frank},
  year = {2014},
  month = apr,
  series = {{{CHI}} '14},
  pages = {3913--3922},
  publisher = {{Association for Computing Machinery}},
  address = {{New York, NY, USA}},
  doi = {10.1145/2556288.2557184},
  urldate = {2023-03-16},
  isbn = {978-1-4503-2473-1}
}

@inproceedings{Ros2006,
  title = {Accessibility First! a New Approach to Web Design},
  booktitle = {Proceedings of the 37th {{SIGCSE}} Technical Symposium on {{Computer}} Science Education},
  author = {Rosmaita, Brian J.},
  year = {2006},
  month = mar,
  series = {{{SIGCSE}} '06},
  pages = {270--274},
  publisher = {{Association for Computing Machinery}},
  address = {{New York, NY, USA}},
  doi = {10.1145/1121341.1121426},
  urldate = {2023-01-05},
  isbn = {978-1-59593-259-4}
}

@inproceedings{Sen2022,
  title = {{{TronicBoards}}: {{An Accessible Electronics Toolkit}} for {{People}} with {{Intellectual Disabilities}}},
  shorttitle = {{{TronicBoards}}},
  booktitle = {Proceedings of the 2022 {{CHI Conference}} on {{Human Factors}} in {{Computing Systems}}},
  author = {Senaratne, Hashini and Ananthanarayan, Swamy and Ellis, Kirsten},
  year = {2022},
  month = apr,
  series = {{{CHI}} '22},
  pages = {1--15},
  publisher = {{Association for Computing Machinery}},
  address = {{New York, NY, USA}},
  doi = {10.1145/3491102.3517483},
  urldate = {2022-10-12},
  isbn = {978-1-4503-9157-3}
}

@article{Seo2019,
  title = {Is the {{Maker Movement Inclusive}} of {{ANYONE}}?: {{Three Accessibility Considerations}} to {{Invite Blind Makers}} to the {{Making World}}},
  shorttitle = {Is the {{Maker Movement Inclusive}} of {{ANYONE}}?},
  author = {Seo, JooYoung},
  year = {2019},
  month = sep,
  journal = {TechTrends},
  volume = {63},
  number = {5},
  pages = {514--520},
  issn = {1559-7075},
  doi = {10.1007/s11528-019-00377-3},
  urldate = {2022-11-03},
  langid = {english}
}

@article{Shi2018,
  title = {Tenets for {{Social Accessibility}}: {{Towards Humanizing Disabled People}} in {{Design}}},
  shorttitle = {Tenets for {{Social Accessibility}}},
  author = {Shinohara, Kristen and Bennett, Cynthia L. and Pratt, Wanda and Wobbrock, Jacob O.},
  year = {2018},
  month = mar,
  journal = {ACM Trans. Access. Comput.},
  volume = {11},
  number = {1},
  pages = {6:1--6:31},
  issn = {1936-7228},
  doi = {10.1145/3178855},
  urldate = {2023-01-05}
}

@inproceedings{Sit2018,
  title = {An {{Exploration}} of {{How People}} with {{Intellectual Disability Engage}} with {{Online Information Retrieval}}},
  booktitle = {Extended {{Abstracts}} of the 2018 {{CHI Conference}} on {{Human Factors}} in {{Computing Systems}}},
  author = {Sitbon, Laurianne and Bayor, Andrew and Bircanin, Filip and Koplick, Stewart and Brereton, Margot},
  year = {2018},
  month = apr,
  series = {{{CHI EA}} '18},
  pages = {1--6},
  publisher = {{Association for Computing Machinery}},
  address = {{New York, NY, USA}},
  doi = {10.1145/3170427.3188599},
  urldate = {2023-01-04},
  isbn = {978-1-4503-5621-3}
}

@inproceedings{Siu2018,
  title = {An {{Accessible CAD Workflow Using Programming}} of {{3D Models}} and {{Preview Rendering}} in {{A}} 2.{{5D Shape Display}}},
  booktitle = {Proceedings of the 20th {{International ACM SIGACCESS Conference}} on {{Computers}} and {{Accessibility}}},
  author = {Siu, Alexa F. and Miele, Joshua and Follmer, Sean},
  year = {2018},
  month = oct,
  series = {{{ASSETS}} '18},
  pages = {343--345},
  publisher = {{Association for Computing Machinery}},
  address = {{New York, NY, USA}},
  doi = {10.1145/3234695.3240996},
  urldate = {2023-01-05},
  isbn = {978-1-4503-5650-3}
}

@misc{Sle2015,
  title = {Open Dataset of {{UK}} Makerspaces: A User's Guide},
  shorttitle = {Open Dataset of {{UK}} Makerspaces},
  author = {Sleigh, Andrew and Stokes, Kathleen and Stewart, Hannah},
  year = {2015},
  month = apr,
  journal = {nesta},
  urldate = {2023-03-16},
  howpublished = {https://www.nesta.org.uk/report/open-dataset-of-uk-makerspaces-a-users-guide/},
  langid = {english}
}

@article{Smi2015,
  title = {The Independent Use of Self-Instructions for the Acquisition of Untrained Multi-Step Tasks for Individuals with an Intellectual Disability: {{A}} Review of the Literature},
  shorttitle = {The Independent Use of Self-Instructions for the Acquisition of Untrained Multi-Step Tasks for Individuals with an Intellectual Disability},
  author = {Smith, Katie A. and Shepley, Sally B. and Alexander, Jennifer L. and Ayres, Kevin M.},
  year = {2015},
  month = may,
  journal = {Research in Developmental Disabilities},
  volume = {40},
  pages = {19--30},
  issn = {0891-4222},
  doi = {10.1016/j.ridd.2015.01.010},
  urldate = {2023-01-15},
  langid = {english}
}

@inproceedings{Soa2022,
  title = {Designing with and for {{People}} with {{Intellectual Disabilities}}},
  booktitle = {Proceedings of the 24th {{International ACM SIGACCESS Conference}} on {{Computers}} and {{Accessibility}}},
  author = {Soares Guedes, Leandro and Gibson, Ryan Colin and Ellis, Kirsten and Sitbon, Laurianne and Landoni, Monica},
  year = {2022},
  month = oct,
  series = {{{ASSETS}} '22},
  pages = {1--6},
  publisher = {{Association for Computing Machinery}},
  address = {{New York, NY, USA}},
  doi = {10.1145/3517428.3550406},
  urldate = {2022-11-16},
  isbn = {978-1-4503-9258-7}
}

@inproceedings{Sta2015,
  title = {Transcribing {{Across}} the {{Senses}}: {{Community Efforts}} to {{Create 3D Printable Accessible Tactile Pictures}} for {{Young Children}} with {{Visual Impairments}}},
  shorttitle = {Transcribing {{Across}} the {{Senses}}},
  booktitle = {Proceedings of the 17th {{International ACM SIGACCESS Conference}} on {{Computers}} \& {{Accessibility}}},
  author = {Stangl, Abigale and Hsu, Chia-Lo and Yeh, Tom},
  year = {2015},
  month = oct,
  series = {{{ASSETS}} '15},
  pages = {127--137},
  publisher = {{Association for Computing Machinery}},
  address = {{New York, NY, USA}},
  doi = {10.1145/2700648.2809854},
  urldate = {2023-01-06},
  isbn = {978-1-4503-3400-6}
}

@article{Ste2001,
  title = {Adaptive {{Techniques}} for {{Universal Access}}},
  author = {Stephanidis, Constantine},
  year = {2001},
  month = mar,
  journal = {User Modeling and User-Adapted Interaction},
  volume = {11},
  number = {1},
  pages = {159--179},
  issn = {1573-1391},
  doi = {10.1023/A:1011144232235},
  urldate = {2023-01-07},
  langid = {english}
}

@article{Ste2018,
  title = {Accessible {{Making}}: {{Designing Makerspaces}} for {{Accessibility}}},
  shorttitle = {Accessible {{Making}}},
  author = {Steele, Katherine M. and Blaser, Brianna and Cakmak, Maya},
  year = {2018},
  month = jun,
  journal = {International Journal of Designs for Learning},
  volume = {9},
  number = {1},
  pages = {114--121},
  issn = {2159-449X},
  doi = {10.14434/ijdl.v9i1.22648},
  urldate = {2022-11-16},
  copyright = {Copyright (c) 2018 International Journal of Designs for Learning},
  langid = {english}
}

@inproceedings{Sun2015,
  title = {Reliving the {{Past}} \& {{Making}} a {{Harmonious Society Today}}: {{A Study}} of {{Elderly Electronic Hackers}} in {{China}}},
  shorttitle = {Reliving the {{Past}} \& {{Making}} a {{Harmonious Society Today}}},
  booktitle = {Proceedings of the 18th {{ACM Conference}} on {{Computer Supported Cooperative Work}} \& {{Social Computing}}},
  author = {Sun, Yuling and Lindtner, Silvia and Ding, Xianghua and Lu, Tun and Gu, Ning},
  year = {2015},
  month = feb,
  series = {{{CSCW}} '15},
  pages = {44--55},
  publisher = {{Association for Computing Machinery}},
  address = {{New York, NY, USA}},
  doi = {10.1145/2675133.2675195},
  urldate = {2022-12-06},
  isbn = {978-1-4503-2922-4}
}

@inproceedings{Tan2013,
  title = {Democratizing Technology: Pleasure, Utility and Expressiveness in {{DIY}} and Maker Practice},
  shorttitle = {Democratizing Technology},
  booktitle = {Proceedings of the {{SIGCHI Conference}} on {{Human Factors}} in {{Computing Systems}}},
  author = {Tanenbaum, Theresa Jean and Williams, Amanda M. and Desjardins, Audrey and Tanenbaum, Karen},
  year = {2013},
  month = apr,
  series = {{{CHI}} '13},
  pages = {2603--2612},
  publisher = {{Association for Computing Machinery}},
  address = {{New York, NY, USA}},
  doi = {10.1145/2470654.2481360},
  urldate = {2023-03-16},
  isbn = {978-1-4503-1899-0}
}

@inproceedings{Tay2016,
  title = {Making {{Community}}: {{The Wider Role}} of {{Makerspaces}} in {{Public Life}}},
  shorttitle = {Making {{Community}}},
  booktitle = {Proceedings of the 2016 {{CHI Conference}} on {{Human Factors}} in {{Computing Systems}}},
  author = {Taylor, Nick and Hurley, Ursula and Connolly, Philip},
  year = {2016},
  month = may,
  series = {{{CHI}} '16},
  pages = {1415--1425},
  publisher = {{Association for Computing Machinery}},
  address = {{New York, NY, USA}},
  doi = {10.1145/2858036.2858073},
  urldate = {2022-10-07},
  isbn = {978-1-4503-3362-7}
}

@inproceedings{Too2015,
  title = {The {{Proper Care}} and {{Feeding}} of {{Hackerspaces}}: {{Care Ethics}} and {{Cultures}} of {{Making}}},
  shorttitle = {The {{Proper Care}} and {{Feeding}} of {{Hackerspaces}}},
  booktitle = {Proceedings of the 33rd {{Annual ACM Conference}} on {{Human Factors}} in {{Computing Systems}}},
  author = {Toombs, Austin L. and Bardzell, Shaowen and Bardzell, Jeffrey},
  year = {2015},
  month = apr,
  series = {{{CHI}} '15},
  pages = {629--638},
  publisher = {{Association for Computing Machinery}},
  address = {{New York, NY, USA}},
  doi = {10.1145/2702123.2702522},
  urldate = {2022-12-06},
  isbn = {978-1-4503-3145-6}
}

@inproceedings{Wak2015,
  title = {Tutorial {{Authorship}} and {{Hybrid Designers}}: {{The Joy}} (and {{Frustration}}) of {{DIY Tutorials}}},
  shorttitle = {Tutorial {{Authorship}} and {{Hybrid Designers}}},
  booktitle = {Proceedings of the 33rd {{Annual ACM Conference}} on {{Human Factors}} in {{Computing Systems}}},
  author = {Wakkary, Ron and Schilling, Markus Lorenz and Dalton, Matthew A. and Hauser, Sabrina and Desjardins, Audrey and Zhang, Xiao and Lin, Henry W.J.},
  year = {2015},
  month = apr,
  series = {{{CHI}} '15},
  pages = {609--618},
  publisher = {{Association for Computing Machinery}},
  address = {{New York, NY, USA}},
  doi = {10.1145/2702123.2702550},
  urldate = {2022-12-06},
  isbn = {978-1-4503-3145-6}
}

@article{Wil2017,
  title = {Exploratory {{Research}} to {{Expand Opportunities}} in {{Computer Science}} for {{Students}} with {{Learning Differences}}},
  author = {Wille, Sarah and Century, Jeanne and Pike, Miriam},
  year = {2017},
  month = may,
  journal = {Computing in Science \& Engineering},
  volume = {19},
  number = {3},
  pages = {40--50},
  issn = {1558-366X},
  doi = {10.1109/MCSE.2017.43}
}

@article{Wob2011,
  title = {Ability-{{Based Design}}: {{Concept}}, {{Principles}} and {{Examples}}},
  shorttitle = {Ability-{{Based Design}}},
  author = {Wobbrock, Jacob O. and Kane, Shaun K. and Gajos, Krzysztof Z. and Harada, Susumu and Froehlich, Jon},
  year = {2011},
  month = apr,
  journal = {ACM Trans. Access. Comput.},
  volume = {3},
  number = {3},
  pages = {9:1--9:27},
  issn = {1936-7228},
  doi = {10.1145/1952383.1952384},
  urldate = {2022-11-03}
}

@article{Wor2022,
  title = {Inclusive {{Making}}: Designing Tools and Experiences to Promote Accessibility and Redefine Making},
  shorttitle = {Inclusive {{Making}}},
  author = {Worsley, Marcelo and {Bar-El}, David},
  year = {2022},
  month = apr,
  journal = {Computer Science Education},
  volume = {32},
  number = {2},
  pages = {155--187},
  publisher = {{Routledge}},
  issn = {0899-3408},
  doi = {10.1080/08993408.2020.1863705},
  urldate = {2022-11-16}
}

@misc{zotero-10,
  title = {{{ARCTT}} - 1554-8716 - {{Volume}} 14 - {{Summer}} 2016},
  urldate = {2022-10-12},
  howpublished = {https://www.arctt.info/volume-14-summer-2016},
  langid = {american}
}

@misc{zotero-425,
  title = {Making a {{Makerspace}}? {{Guidelines}} for {{Accessibility}} and {{Universal Design}} | {{DO-IT}}},
  urldate = {2022-12-06},
  howpublished = {https://www.washington.edu/doit/making-makerspace-guidelines-accessibility-and-universal-design}
}

@misc{zotero-604,
  title = {Diagnostic and {{Statistical Manual}} of {{Mental Disorders}}},
  journal = {DSM Library},
  urldate = {2023-04-07},
  howpublished = {https://dsm.psychiatryonline.org/doi/book/10.1176/appi.books.9780890425596},
  langid = {english}
}
